<collection xmlns="http://www.loc.gov/MARC21/slim">
<record>
  <leader>00617na 0a22001331i 450 </leader>
  <controlfield tag="001">IT\ICCU\CNCE\054946</controlfield>
  <controlfield tag="005">20071212000000.0</controlfield>
  <datafield tag="100" ind1=" " ind2=" ">
    <subfield code="a">20031203             0itac0103    ba</subfield>
  </datafield>
  <datafield tag="101" ind1=" " ind2=" ">
    <subfield code="a">LAT</subfield>
  </datafield>
  <datafield tag="200" ind1="1" ind2=" ">
    <subfield code="a">℗Iacobi Naclanti Clugiensis episcopi ℗Operum tomus secundus. In quo infrascripta continentur. Theoremata theologica quatuordecim ... Theoremata metaphysica sexdecim, &amp; naturalia duodecim ...</subfield>
  </datafield>
  <datafield tag="700" ind1=" " ind2="1">
    <subfield code="a">Nacchiante,</subfield>
    <subfield code="b">Giacomo</subfield>
    <subfield code="3">IT\ICCU\CNCA\007731</subfield>
  </datafield>
  <datafield tag="790" ind1=" " ind2="1">
    <subfield code="a">Naclantus,</subfield>
    <subfield code="b">Jacobus</subfield>
    <subfield code="3">IT\ICCU\CNCA\008334</subfield>
    <subfield code="z">Nacchiante, Giacomo</subfield>
  </datafield>
  <datafield tag="790" ind1=" " ind2="1">
    <subfield code="a">Nachianti,</subfield>
    <subfield code="b">Iacobo</subfield>
    <subfield code="3">IT\ICCU\CNCA\022321</subfield>
    <subfield code="z">Nacchiante, Giacomo</subfield>
  </datafield>
  <datafield tag="801" ind1=" " ind2="3">
    <subfield code="a">IT</subfield>
    <subfield code="b">ICCU</subfield>
    <subfield code="c">20201115</subfield>
  </datafield>
</record>
</collection>
